-e Generated on Fri Mar 20 09:31:15 2015 (1426869075).


@inproceedings{mayer2000fang,
  author =        {Mayer, Alain and Wool, Avishai and Ziskind, Elisha},
  booktitle =     {Security and Privacy},
  pages =         {177--187},
  title =         {Fang: A firewall analysis engine},
  year =          {2000},
}

@inproceedings{gupta2009span,
  author =        {Gupta, Swati and LeFevre, Kristen and Prakash, Atul},
  booktitle =     {HotSec},
  title =         {SPAN: a unified framework and toolkit for querying
                   heterogeneous access policies},
  year =          {2009},
}

@inproceedings{nelson2010margrave,
  author =        {Nelson, Timothy and Barratt, Christopher and
                   Dougherty, Daniel J and Fisler, Kathi and
                   Krishnamurthi, Shriram},
  booktitle =     {LISA},
  title =         {The Margrave Tool for Firewall Analysis.},
  year =          {2010},
}

@inproceedings{openflow,
  author =        {McKeown, Nick and Anderson, Tom and
                   Balakrishnan, Hari and Parulkar, Guru and
                   Peterson, Larry and Rexford, Jennifer and
                   Shenker, Scott and Turner, Jonathan},
  series =        {SIGCOMM CCR},
  title =         {{OpenFlow: Enabling Innovation in Campus Networks}},
  year =          {2008},
}

@inproceedings{anteater,
  author =        {Haohui Mai and Ahmed Khurshid and Rachit Agarwal and
                   Matthew Caesar and Brighten Godfrey and
                   Samuel Talmadge King},
  series =        {{SIGCOMM}},
  title =         {Debugging the {D}ata {P}lane with {A}nteater},
  year =          {2011},
}

@inproceedings{khurshid2012veriflow,
  author =        {Ahmed Khurshid and Xuan Zou and Wenxuan Zhou and
                   Matthew Caesar and P. Brighten Godfrey},
  series =        {NSDI},
  title =         {VeriFlow: Verifying Network-Wide Invariants in Real
                   Time},
  year =          {2013},
}

@inproceedings{oldhsa,
  author =        {Kazemian, Peyman and Varghese, George and
                   McKeown, Nick},
  series =        {NSDI},
  title =         {Header space analysis: Static checking for networks},
  year =          {2012},
}

@inproceedings{kazemian2013real,
  author =        {Kazemian, Peyman and Chang, Michael and Zeng, Hongyi and
                   Varghese, George and McKeown, Nick and Whyte, Scott},
  series =        {NSDI},
  title =         {Real time network policy checking using header space
                   analysis},
  year =          {2013},
}

@inproceedings{guha2013machine,
  author =        {Guha, Arjun and Reitblatt, Mark and Foster, Nate},
  series =        {PLDI},
  title =         {Machine-verified network controllers.},
  year =          {2013},
}

@inproceedings{anderson2014netkat,
  author =        {Anderson, Carolyn Jane and Foster, Nate and
                   Guha, Arjun and Jeannin, Jean-Baptiste and
                   Kozen, Dexter and Schlesinger, Cole and
                   Walker, David},
  series =        {{POPL}},
  title =         {{NetKAT: Semantic foundations for networks}},
  year =          {2014},
}

@inproceedings{flowlog,
  author =        {Tim Nelson and Andrew D. Ferguson and
                   Michael J. G. Scheer and Shriram Krishnamurthi},
  series =        {{NSDI}},
  title =         {Tierless Programming and Reasoning for
                   Software-Defined Networks},
  year =          {2014},
}

@inproceedings{nelson2013balance,
  author =        {Nelson, Tim and Guha, Arjun and Dougherty, Daniel J and
                   Fisler, Kathi and Krishnamurthi, Shriram},
  series =        {HotSDN},
  title =         {A Balance of Power: Expressive, Analyzable Controller
                   Programming},
  year =          {2013},
}

@inproceedings{sherry2012making,
  author =        {Sherry, Justine and Hasan, Shaddi and Scott, Colin and
                   Krishnamurthy, Arvind and Ratnasamy, Sylvia and
                   Sekar, Vyas},
  series =        {SIGCOMM},
  title =         {Making middleboxes someone else's problem: Network
                   processing as a cloud service},
  year =          {2012},
}

@inproceedings{potharaju2013demystifying,
  author =        {Potharaju, Rahul and Jain, Navendu},
  series =        {IMC},
  title =         {Demystifying the dark side of the middle: a field
                   study of middlebox failures in datacenters.},
  year =          {2013},
}

@misc{congress,
  author =        {{O}pen{S}tack},
  howpublished =  {\url{https://wiki.openstack.org/wiki/Congress}
                   retrieved 01/08/2015},
  title =         {{C}ongress},
}

@article{gude2008nox,
  author =        {Gude, Natasha and Koponen, Teemu and Pettit, Justin and
                   Pfaff, Ben and Casado, Mart{\'\i}n and McKeown, Nick and
                   Shenker, Scott},
  journal =       {ACM SIGCOMM Computer Communication Review},
  number =        {3},
  pages =         {105--110},
  title =         {NOX: towards an operating system for networks},
  volume =        {38},
  year =          {2008},
}

@inproceedings{monsanto2013composing,
  author =        {Monsanto, Christopher and Reich, Joshua and
                   Foster, Nate and Rexford, Jennifer and Walker, David and
                   others},
  series =        {NSDI},
  title =         {Composing Software Defined Networks.},
  year =          {2013},
}

@misc{scottI2talk,
  author =        {Scott Shenker},
  howpublished =  {Talk at Interent2 Technology Exchange 2014},
  title =         {{SDN: Looking Back, Moving Forward}},
}

@article{Halevy,
  author =        {Halevy, Alon Y. and Mumick, Inderpal Singh and
                   Sagiv, Yehoshua and Shmueli, Oded},
  journal =       {J. ACM},
  month =         sep,
  number =        {5},
  pages =         {971--1012},
  title =         {Static Analysis in Datalog Extensions},
  volume =        {48},
  year =          {2001},
  issn =          {0004-5411},
}

@inproceedings{popl:DeMilloLP77,
  author =        {Richard A. DeMillo and Richard J. Lipton and
                   Alan J. Perlis},
  series =        {POPL},
  title =         {Social Processes and Proofs of Theorems and Programs},
  year =          {1977},
}

@article{tse:MisraC81,
  author =        {Jayadev Misra and K. Mani Chandy},
  journal =       {{IEEE} Trans. Software Eng.},
  number =        {4},
  pages =         {417--426},
  title =         {Proofs of Networks of Processes},
  volume =        {7},
  year =          {1981},
}

@inproceedings{ifip:Jones83,
  author =        {Cliff B. Jones},
  booktitle =     {{IFIP} Congress},
  pages =         {321--332},
  title =         {Specification and Design of (Parallel) Programs},
  year =          {1983},
}

@inproceedings{al2008scalable,
  author =        {Al-Fares, Mohammad and Loukissas, Alexander and
                   Vahdat, Amin},
  series =        {SIGCOMM},
  title =         {A scalable, commodity data center network
                   architecture},
  year =          {2008},
}

