@techreport{sherry2012survey,
  title={A Survey of Enterprise Middlebox Deployments},
  author={Sherry, Justine and Ratnasamy, Sylvia},
  year={2012},
  institution={Tech. Rep. UCB/EECS-2012-24, EECS Department, University of California, Berkeley}
}

@inproceedings{sherry2012making,
  title={Making middleboxes someone else's problem: Network processing as a cloud service},
  author={Sherry, Justine and Hasan, Shaddi and Scott, Colin and Krishnamurthy, Arvind and Ratnasamy, Sylvia and Sekar, Vyas},
  series={SIGCOMM},
  year={2012},
}

@inproceedings{qazi2013simple,
  title={SIMPLE-fying middlebox policy enforcement using SDN},
  author={Qazi, ZA and Tu, CC and Chiang, L and Miao, R and Vyas, S},
  series={SIGCOMM},
  year={2013}
}
@inproceedings{fayazbakhsh2013flowtags,
  title={FlowTags: Enforcing Network-Wide Policies in the Presence of Dynamic Middlebox Actions},
  author={Fayazbakhsh, S and Sekar, Vyas and Yu, Minlan and Mogul, J},
  series={HotSDN},
  year={2013}
}
@article{jhala2009software,
  title={Software model checking},
  author={Jhala, Ranjit and Majumdar, Rupak},
  journal={ACM Computing Surveys (CSUR)},
  volume={41},
  number={4},
  pages={21},
  year={2009},
}
@inproceedings{cadar2011symbolic,
  title={Symbolic execution for software testing in practice: preliminary assessment},
  author={Cadar, Cristian and Godefroid, Patrice and Khurshid, Sarfraz and P{\u{a}}s{\u{a}}reanu, Corina S and Sen, Koushik and Tillmann, Nikolai and Visser, Willem},
  booktitle={Proceedings of the 33rd International Conference on Software Engineering},
  pages={1066--1071},
  year={2011},
  organization={ACM}
}
@incollection{han2007providing,
  title={Providing evidence of likely being on time: Counterexample generation for {CTMC} model checking},
  author={Han, Tingting and Katoen, Joost-Pieter},
  series={Automated Technology for Verification and Analysis},
  pages={331--346},
  year={2007},
}
@inproceedings{cadar2008klee,
  title={{KLEE}: Unassisted and Automatic Generation of High-Coverage Tests for Complex Systems Programs.},
  author={Cadar, Cristian and Dunbar, Daniel and Engler, Dawson R},
  booktitle={OSDI},
  volume={8},
  pages={209--224},
  year={2008}
}
@article{schmidt2006guest,
  title={Guest editor's introduction: Model-driven engineering},
  author={Schmidt, Douglas C},
  journal={Computer},
  volume={39},
  number={2},
  pages={0025--31},
  year={2006},
}
@inproceedings{knapp2002model,
  title={Model checking and code generation for UML state machines and collaborations},
  author={Knapp, Alexander and Merz, Stephan},
  booktitle={Proceedings of 5th Workshop on Tools for System Design and Verification},
  year={2002},
}
@inproceedings{nelson2013balance,
  title={A Balance of Power: Expressive, Analyzable Controller Programming},
  author={Nelson, Tim and Guha, Arjun and Dougherty, Daniel J and Fisler, Kathi and Krishnamurthi, Shriram},
  series = {HotSDN},
  year={2013}
}
@inproceedings{khurshid2012veriflow,
  author    = {Ahmed Khurshid and Xuan Zou and Wenxuan Zhou and Matthew Caesar and P. Brighten Godfrey},
  title     = {VeriFlow: Verifying Network-Wide Invariants in Real Time},
  series = {NSDI},
  year      = {2013},
}

@inproceedings{oldhsa,
  title={Header space analysis: Static checking for networks},
  author={Kazemian, Peyman and Varghese, George and McKeown, Nick},
  series={NSDI},
  year={2012}
}
@inproceedings{guha2013machine,
  title={Machine-verified network controllers.},
  author={Guha, Arjun and Reitblatt, Mark and Foster, Nate},
  series={PLDI},
  year={2013}
}

@inproceedings{feamster2004practical,
  title={Practical verification techniques for wide-area routing},
  author={Feamster, Nick},
  booktitle={HotNets},
  year={2004},
}
@inproceedings{reitblatt2013fattire,
  title={FatTire: Declarative Fault Tolerance for Software-Defined Networks},
  author={Reitblatt, Mark and Canini, Marco and Guha, Arjun and Foster, Nate},
  booktitle={HotSDN},
  year={2013}
}

@inproceedings{sturton2013symbolic,
  title={Symbolic software model validation},
  author={Sturton, Cynthia and Sinha, Rohit and Dang, Thurston HY and Jain, Sakshi and McCoyd, Michael and Tan, Wei Yang and Maniatis, Petros and Seshia, Sanjit A and Wagner, David},
  booktitle={MEMOCODE},
  year=2013
}

@inproceedings{ball2001automatically,
  title={Automatically validating temporal safety properties of interfaces},
  author={Ball, Thomas and Rajamani, Sriram K},
  booktitle={Proceedings of the 8th international SPIN workshop on Model checking of software},
  pages={103--122},
  year={2001},
  organization={Springer-Verlag New York, Inc.}
}

@misc{mchecktalk,
    author={Patrice Godefroid},
    title={{M}odel {C}hecking of {S}oftware},
    howpublished = {SpecNCheck'01 Invited Talk \href{http://research.microsoft.com/en-us/um/people/pg/public_psfiles/mc-of-sw-aug01.pdf}},
}

@misc{googleoutage,
      author={Jon Brodkin},
      title={Why {G}mail went down},
      year={2012},
      howpublished={{A}rs{T}echnica Dec 11, 2012 \url{http://goo.gl/2WNqmr} (Retrieved 09/21/2014)}
}

@book{mcmillan1993symbolic,
  title={Symbolic model checking},
  author={McMillan, Kenneth L},
  year={1993},
  publisher={Springer}
}

@incollection{bultan2008scalable,
  title={Scalable software model checking using design for verification},
  author={Bultan, Tevfik and Betin-Can, Aysu},
  booktitle={Verified Software: Theories, Tools, Experiments},
  year={2008},
  publisher={Springer}
}

@article{king1976symbolic,
  title={Symbolic execution and program testing},
  author={King, James C},
  journal={Communications of the ACM},
  volume={19},
  number={7},
  year={1976},
}

@inproceedings{heitmeyer2006formal,
  title={Formal specification and verification of data separation in a separation kernel for an embedded system},
  author={Heitmeyer, Constance L and Archer, Myla and Leonard, Elizabeth I and McLean, John},
  booktitle={CCS'06},
  year={2006},
  organization={ACM}
}

@techreport{caballero2009extracting,
    Author = {Caballero, Juan and McCamant, Stephen and Barth, Adam and Song, Dawn},
    Title = {Extracting Models of Security-Sensitive Operations using String-Enhanced White-Box Exploration on Binaries},
    Institution = {EECS Department, University of California, Berkeley},
    Year = {2009},
    URL = {http://www.eecs.berkeley.edu/Pubs/TechRpts/2009/EECS-2009-36.html},
    Number = {UCB/EECS-2009-36},
}

@inproceedings{koelbl2009solver,
  title={Solver technology for system-level to RTL equivalence checking},
  author={Koelbl, Alfred and Jacoby, Reily and Jain, Himanshu and Pixley, Carl},
  booktitle={DATE'09.},
  year={2009},
}

@inproceedings{al2008scalable,
  title={A scalable, commodity data center network architecture},
  author={Al-Fares, Mohammad and Loukissas, Alexander and Vahdat, Amin},
  series = {SIGCOMM},
  year={2008},
}

@article{barrett2009satisfiability,
  title={Satisfiability Modulo Theories.},
  author={Barrett, Clark W and Sebastiani, Roberto and Seshia, Sanjit A and Tinelli, Cesare},
  journal={Handbook of satisfiability},
  year={2009}
}

@article{kesten2000control,
  title={Control and data abstraction: The cornerstones of practical formal verification},
  author={Kesten, Yonit and Pnueli, Amir},
  journal={International Journal on Software Tools for Technology Transfer},
  volume={2},
  number={4},
  year={2000},
}

@article{clarke1996formal,
  title={Formal methods: State of the art and future directions},
  author={Clarke, Edmund M and Wing, Jeannette M},
  journal={ACM Computing Surveys (CSUR)},
  volume={28},
  number={4},
  pages={626--643},
  year={1996},
}

@article{elseaidy1997modeling,
  title={Modeling and verifying active structural control systems},
  author={Elseaidy, Wael M and Cleaveland, Rance and Baugh Jr, John W},
  journal={Science of Computer Programming},
  volume={29},
  number={1},
  year={1997},
}

@article{tip1995survey,
  title={A survey of program slicing techniques},
  author={Tip, Frank},
  journal={Journal of programming languages},
  pages={121--189},
  year={1995}
}

@article{clarke2003counterexample,
  title={Counterexample-guided abstraction refinement for symbolic model checking},
  author={Clarke, Edmund and Grumberg, Orna and Jha, Somesh and Lu, Yuan and Veith, Helmut},
  journal={Journal of the ACM (JACM)},
  volume={50},
  number={5},
  pages={752--794},
  year={2003},
}

@incollection{yu1999model,
  title={Model checking {TLA}+ specifications},
  author={Yu, Yuan and Manolios, Panagiotis and Lamport, Leslie},
  booktitle={Correct Hardware Design and Verification Methods},
  pages={54--66},
  year={1999},
  publisher={Springer}
}

@inproceedings{pnueli1977temporal,
  title={The temporal logic of programs},
  author={Pnueli, Amir},
  booktitle={Foundations of Computer Science, 1977},
  pages={46--57},
  year={1977},
}

@inproceedings{mcmillan2003interpolation,
  title={Interpolation and {SAT}-based model checking},
  author={McMillan, Kenneth L},
  series={CAV},
  year={2003},
}

@inproceedings{godefroid2005dart,
  title={DART: directed automated random testing},
  author={Godefroid, Patrice and Klarlund, Nils and Sen, Koushik},
  booktitle={ACM Sigplan Notices},
  volume={40},
  number={6},
  pages={213--223},
  year={2005},
}

@incollection{chaudhuri2010verifying,
  title={Verifying safety properties with the {TLA}+ proof system},
  author={Chaudhuri, Kaustuv and Doligez, Damien and Lamport, Leslie and Merz, Stephan},
  booktitle={Automated Reasoning},
  pages={142--148},
  year={2010},
}

@inproceedings{engberg1993mechanical,
  title={Mechanical verification of concurrent systems with {TLA}},
  author={Engberg, Urban and Gr{\o}nning, Peter and Lamport, Leslie},
  series={CAV},
  year={1993},
}

@article{joshi2003checking,
  title={Checking cache-coherence protocols with tla+},
  author={Joshi, Rajeev and Lamport, Leslie and Matthews, John and Tasiran, Serdar and Tuttle, Mark and Yu, Yuan},
  journal={Formal Methods in System Design},
  volume={22},
  number={2},
  pages={125--131},
  year={2003},
}

@book{paulson2002isabelle,
  title={Isabelle/HOL: a proof assistant for higher-order logic},
  author={Paulson, Lawrence C and Wenzel, Markus},
  volume={2283},
  year={2002},
  publisher={Springer}
}

@book{necula2002proof,
  title={Proof-carrying code. design and implementation},
  author={Necula, George C},
  year={2002},
  publisher={Springer}
}

@inproceedings{feamster2005detecting,
  title = {Detecting BGP configuration faults with static analysis},
  author = {Feamster, Nick and Balakrishnan, Hari},
  series = {NSDI},
  year = {2005},
}

@inproceedings{dobrescu2013toward,
  title={Toward a verifiable software dataplane},
  author={Dobrescu, Mihai and Argyraki, Katerina},
  booktitle={HotNets},
  year={2013},
}

@inproceedings{canini2012nice,
  title={A {NICE} way to test OpenFlow applications},
  author={Canini, Marco and Venzano, Daniele and Peresini, Peter and Kostic, Dejan and Rexford, Jennifer},
  series={NSDI},
  year={2012}
}

@inproceedings{mai2011debugging,
  title={Debugging the data plane with {A}nteater},
  author={Mai, Haohui and Khurshid, Ahmed and Agarwal, Rachit and Caesar, Matthew and Godfrey, P and King, Samuel Talmadge},
  series={SIGCOMM},
  year={2011},
}

@inproceedings{pip,
    author = {Patrick Reynolds and Charles Killian and Janet L. Winer and Jeffrey C. Mogul and Mehul A. Shah and Amin Vadhat},
    title = {Pip: {D}etecting the {U}nexpected in {D}istributed {S}ystems},
    series = {NSDI},
    year={2006}
}

@incollection{clarke1998using,
  title={Using state space exploration and a natural deduction style message derivation engine to verify security protocols},
  author={Clarke, Edmund M and Jha, Somesh and Marrero, Will},
  booktitle={PROCOMET},
  year={1998},
}

@inproceedings{ritchey2000using,
  title={Using model checking to analyze network vulnerabilities},
  author={Ritchey, Ronald W and Ammann, Paul},
  booktitle={Security and Privacy},
  year={2000},
}

@inproceedings{killian2007life,
  title={{Life, Death, and the Critical Transition: Finding Liveness Bugs in Systems Code}},
  author={Killian, Charles and Anderson, James W and Jhala, Ranjit and Vahdat, Amin},
  series={NSDI},
  year={2007}
}

@article{holzmann1997model,
  title={The model checker SPIN},
  author={Holzmann, Gerard J},
  journal={IEEE Trans. on Software Engineering},
  volume={23},
  number={5},
  year={1997},
}

@misc{juniperlsrr,
    title={Juniper Networks: Understanding IP Source Route Options},
    howpublished = {Retrieved 01/25/2014 http://goo.gl/n9NBQ4}
}

@misc{bluecoat,
    author={Blue Coat Systems},
    title={Blue Coat Systems: ProxySG TechBrief - HTTP Compression},
    howpublished = {Retrieved 01/30/2014 http://goo.gl/h2jwQ9}
}

@misc{nfv,
    author={{ETSI}},
    title={{Network Functions Virtualisation}},
    howpublished= {Retrieved 07/30/2014 \url{http://portal.etsi.org/NFV/NFV_White_Paper.pdf}}
}

@misc{aryaka,
    title={Aryaka Solutions},
    howpublished = {Retrieved 01/30/2014 http://goo.gl/9mYqny}
}

@misc{ciscocss,
    title={Cisco {CSS} {11501S-C-K9 Announcement}},
    howpublished = {Retrieved 01/30/2014 http://goo.gl/apGKlx}
}

@misc{rfc0791,
  author =       "J. Postel",
  title =        "{RFC 791}: {Internet Protocol}",
  day =          "1",
  month =        Sep,
  year =         "1981",
  URL =          "ftp://ftp.internic.net/rfc/rfc760.txt"
}

@incollection{de2008z3,
  title={Z3: An efficient {SMT} solver},
  author={De Moura, Leonardo and Bj{\o}rner, Nikolaj},
  booktitle={Tools and Algorithms for the Construction and Analysis of Systems},
  year={2008},
  publisher={Springer}
}

@incollection{pereira1993diagnosis,
  title={Diagnosis and debugging as contradiction removal in logic programs},
  author={Pereira, Lu{\'\i}s Moniz and Dam{\'a}sio, Carlos Viegas and Alferes, Jos{\'e} J{\'u}lio},
  booktitle={Progress in Artificial Intelligence},
  pages={183--197},
  year={1993},
  publisher={Springer}
}

@inproceedings{clements2013scalable,
  title={The scalable commutativity rule: designing scalable software for multicore processors},
  author={Clements, Austin T and Kaashoek, M Frans and Zeldovich, Nickolai and Morris, Robert T and Kohler, Eddie},
  booktitle={SOSP},
  year={2013},
}

@inproceedings{dahlweid2009vcc,
  title={VCC: Contract-based modular verification of concurrent C},
  author={Dahlweid, Markus and Moskal, Michal and Santen, Thomas and Tobies, Stephan and Schulte, Wolfram},
  booktitle={ICSE},
  year={2009},
}

@incollection{clarke2008birth,
  title={The birth of model checking},
  author={Clarke, Edmund M},
  booktitle={25 Years of Model Checking},
  pages={1--26},
  year={2008},
  publisher={Springer}
}
@book{kripke1971semantical,
  title={Semantical Considerations on Modal Logic; Naming and Necessity},
  author={Kripke, Saul A},
  year={1971},
  publisher={Oxford University Press}
}
@article{emerson1986sometimes,
  title={“Sometimes” and “not never” revisited: on branching versus linear time temporal logic},
  author={Emerson, E Allen and Halpern, Joseph Y},
  journal={Journal of the ACM (JACM)},
  volume={33},
  number={1},
  pages={151--178},
  year={1986},
}

@inproceedings{gupta1993formal,
  title={Formal hardware verification methods: A survey},
  author={Gupta, Aarti},
  booktitle={Computer-Aided Verification},
  pages={5--92},
  year={1993},
  organization={Springer}
}

@incollection{khurshid2003generalized,
  title={Generalized symbolic execution for model checking and testing},
  author={Khurshid, Sarfraz and P{\u{a}}s{\u{a}}reanu, Corina S and Visser, Willem},
  booktitle={Tools and Algorithms for the Construction and Analysis of Systems},
  pages={553--568},
  year={2003},
  publisher={Springer}
}

@article{akers1978binary,
  title={Binary decision diagrams},
  author={Akers, Sheldon B.},
  journal={IEEE Transactions on Computers},
  volume={100},
  number={6},
  pages={509--516},
  year={1978},
}
@inproceedings{clarke1989compositional,
  title={Compositional model checking},
  author={Clarke, Edmund M and Long, David E and McMillan, Kenneth L},
  booktitle={Logic in Computer Science, 1989. LICS'89, Proceedings., Fourth Annual Symposium on},
  pages={353--362},
  year={1989},
}

@incollection{schimpf2009construction,
  title={Construction of B{\"u}chi automata for LTL model checking verified in Isabelle/HOL},
  author={Schimpf, Alexander and Merz, Stephan and Smaus, Jan-Georg},
  booktitle={Theorem Proving in Higher Order Logics},
  pages={424--439},
  year={2009},
}

@article{lamport1994temporal,
  title={The temporal logic of actions},
  author={Lamport, Leslie},
  journal={ACM Transactions on Programming Languages and Systems (TOPLAS)},
  volume={16},
  number={3},
  pages={872--923},
  year={1994},
}

@inproceedings{sen2006cute,
  title={CUTE and jCUTE: Concolic unit testing and explicit path model-checking tools},
  author={Sen, Koushik and Agha, Gul},
  series={CAV},
  year={2006},
}

@inproceedings{kazemian2013real,
  title={Real time network policy checking using header space analysis},
  author={Kazemian, Peyman and Chang, Michael and Zeng, Hongyi and Varghese, George and McKeown, Nick and Whyte, Scott},
  series={NSDI},
  year={2013}
}

@inproceedings{morris2000click,
  title={The Click modular router},
  author={Morris, Robert and Kohler, Eddie and Jannotti, John and Kaashoek, M Frans},
  booktitle={ACM Transactions on Computer Systems},
  year={2000},
}

@inproceedings{necula1998design,
  title={The design and implementation of a certifying compiler},
  author={Necula, George C and Lee, Peter},
  series={PLDI},
  year={1998},
}

@article{hummel1997annotating,
  title={Annotating the Java bytecodes in support of optimization},
  author={Hummel, Joseph and Azevedo, Ana and Kolson, David and Nicolau, Alexandru},
  journal={Concurrency - Practice and Experience},
  volume={9},
  number={11},
  year={1997},
}

@incollection{hoare2003verifying,
  title={The verifying compiler: A grand challenge for computing research},
  author={Hoare, Tony},
  booktitle={Modular Programming Languages},
  pages={25--35},
  year={2003},
}

@article{bohme2010hol,
  title={{HOL-Boogie} - An interactive prover-backend for the {Verifying C Compiler}},
  author={B{\"o}hme, Sascha and Moskal, Micha{\l} and Schulte, Wolfram and Wolff, Burkhart},
  journal={Journal of Automated Reasoning},
  volume={44},
  number={1-2},
  pages={111--144},
  year={2010},
}

@article{schweikardt2005arithmetic,
  title={Arithmetic, first-order logic, and counting quantifiers},
  author={Schweikardt, Nicole},
  journal={ACM Transactions on Computational Logic (TOCL)},
  volume={6},
  number={3},
  pages={634--671},
  year={2005},
}

@article{bellovin1989security,
  title={Security problems in the {TCP/IP} protocol suite},
  author={Bellovin, Steven M},
  journal={ACM SIGCOMM Computer Communication Review},
  volume={19},
  number={2},
  pages={32--48},
  year={1989},
}

@inproceedings{dyer2013protocol,
  title={Protocol misidentification made easy with format-transforming encryption},
  author={Dyer, Kevin P and Coull, Scott E and Ristenpart, Thomas and Shrimpton, Thomas},
  booktitle={CCS},
  year={2013},
}

@article{dubrawsky2003firewall,
  title={Firewall evolution-deep packet inspection},
  author={Dubrawsky, Ido},
  journal={Security Focus},
  volume={29},
  year={2003}
}

@inproceedings{dharmapurikar2003deep,
  title={Deep packet inspection using parallel bloom filters},
  author={Dharmapurikar, Sarang and Krishnamurthy, Praveen and Sproull, Todd and Lockwood, John},
  booktitle={High Performance Interconnects},
  year={2003},
}

@article{wang2007security,
  title={Security strategies for {SCADA} systems},
  author={Wang, J and Yu, X},
  journal={Recent advances in security technology},
  volume={378},
  year={2007}
}

@incollection{qian2012designing,
  title={Designing Scalable and Effective Decision Support for Mitigating Attacks in Large Enterprise Networks},
  author={Qian, Zhiyun and Mao, Z Morley and Rayes, Ammar and Jaffe, David},
  booktitle={Security and Privacy in Communication Networks},
  pages={1--18},
  year={2012},
  publisher={Springer}
}

@incollection{clarke2012model,
  title={Model Checking and the State Explosion Problem},
  author={Clarke, Edmund M and Klieber, William and Nov{\'a}{\v{c}}ek, Milo{\v{s}} and Zuliani, Paolo},
  booktitle={Tools for Practical Software Verification},
  pages={1--30},
  year={2012},
  publisher={Springer}
}

@misc{draftpetersson,
  author =       {A. Peterson and M. Nilsson},
  title =        "{Forwarded {HTTP} {E}xtension}",
  year =         "2013",
  URL =          "http://tools.ietf.org/html/draft-ietf-appsawg-http-forwarded-10"
}

@article{barrett20136,
  title={6 Years of SMT-COMP},
  author={Barrett, Clark and Deters, Morgan and de Moura, Leonardo and Oliveras, Albert and Stump, Aaron},
  journal={Journal of Automated Reasoning},
  volume={50},
  number={3},
  pages={243--277},
  year={2013},
}

@inproceedings{mcmillan2011interpolants,
  title={Interpolants from Z3 proofs},
  author={McMillan, Kenneth L},
  booktitle={Proceedings of the International Conference on Formal Methods in Computer-Aided Design},
  pages={19--27},
  year={2011},
  organization={FMCAD Inc}
}

@inproceedings{potharaju2013demystifying,
  title={Demystifying the dark side of the middle: a field study of middlebox failures in datacenters.},
  author={Potharaju, Rahul and Jain, Navendu},
  series={IMC},
  year={2013}
}
@inproceedings{gember2014opennf,
  title={OpenNF: Enabling Innovation in Network Function Control}}
  author={Gember-Jacobson, Aaron and Raajay Viswanathan, Chaithan Prakash and Grandl, Robert and Khalid, Junaid and Das, Sourav and Akella, Aditya},
  year={2014},
  series={SIGCOMM}
}

@inproceedings{zeng2012automatic,
  title={Automatic {T}est {P}acket {G}eneration},
  author={Zeng, Hongyi and Kazemian, Peyman and Varghese, George and McKeown, Nick},
  booktitle={CoNext},
  year={2012},
}

@article{JAR:PiskacMB10,
  author    = {Ruzica Piskac and
               Leonardo Mendon\c{c}a de Moura and
               Nikolaj Bj{\o}rner},
  title     = {Deciding {E}ffectively {P}ropositional {L}ogic Using {DPLL} and
               Substitution Sets},
  journal   = {J. Autom. Reasoning},
  volume    = {44},
  number    = {4},
  year      = {2010}
  }


@article{Itzhaky:2014:MRH:2578855.2535854,
 author = {Itzhaky, Shachar and Banerjee, Anindya and Immerman, Neil and Lahav, Ori and Nanevski, Aleksandar and Sagiv, Mooly},
 title = {Modular Reasoning About Heap Paths via Effectively Propositional Formulas},
 journal = {SIGPLAN Not.},
 issue_date = {January 2014},
 volume = {49},
 number = {1},
 month = jan,
 year = {2014}
}

@inproceedings{Itzhaky:2014:MRH:2535838.2535854,
 author = {Itzhaky, Shachar and Banerjee, Anindya and Immerman, Neil and Lahav, Ori and Nanevski, Aleksandar and Sagiv, Mooly},
 title = {Modular Reasoning About Heap Paths via Effectively Propositional Formulas},
 series = {POPL},
 year = {2014}
}


@incollection{Korovin,
year={2013},
isbn={978-3-642-40884-7},
booktitle={Frontiers of Combining Systems},
volume={8152},
series={Lecture Notes in Computer Science},
editor={Fontaine, Pascal and Ringeissen, Christophe and Schmidt, RenateA.},
doi={10.1007/978-3-642-40885-4_15},
title={Non-cyclic Sorts for First-Order Satisfiability},
url={http://dx.doi.org/10.1007/978-3-642-40885-4_15},
publisher={Springer Berlin Heidelberg},
author={Korovin, Konstantin},
pages={214-228},
language={English}
}

@inproceedings {zeng2014libra,
author = {Hongyi Zeng and Shidong Zhang and Fei Ye and Vimalkumar Jeyakumar and Mickey Ju and Junda Liu and Nick McKeown and Amin Vahdat},
title = {{Libra: Divide and Conquer to Verify Forwarding Tables in Huge Networks}},
series = {{NSDI}},
year = {2014}
}

@inproceedings{sethi2013abstractions,
  title={Abstractions for {M}odel {C}hecking {SDN} {C}ontrollers},
  author={Sethi, Divjyot and Narayana, Srinivas and Malik, Sharad},
  booktitle={{FMCAD}},
  year={2013},
}

@inproceedings{nelson2014tierless,
  title={Tierless Programming and Reasoning for Software-Defined Networks},
  author={Nelson, Tim and Ferguson, Andrew D and Scheer, Michael JG and Krishnamurthi, Shriram},
  series={{NSDI}},
  year={2014}
}

@inproceedings{skowyra2014verification,
  title={A Verification Platform for SDN-Enabled Applications},
  author={Skowyra, Richard and Lapets, Andrei and Bestavros, Azer and Kfoury, Assaf},
  booktitle={IC2E}},
  year={2014}
}

@inproceedings{anderson2014netkat,
  title={{NetKAT: Semantic foundations for networks}},
  author={Anderson, Carolyn Jane and Foster, Nate and Guha, Arjun and Jeannin, Jean-Baptiste and Kozen, Dexter and Schlesinger, Cole and Walker, David},
  series={{POPL}},
  year={2014}
}

@inproceedings{ball2014vericon,
  title="{V}eri{C}on: {T}owards {V}erifying {C}ontroller {P}rograms in {S}oftware-{D}efined {N}etworks",
  author="Thomas Ball and  Nikolaj  Bj{\o}rner and Aaron Gember and Shachar Itzhaky and Aleksandr Karbyshev  and Mooly Sagiv and Michael Schapira and Asaf Valadarsky",
  series="PLDI",
  year= "2014"
}

@inproceedings{kuzniar2012soft,
  title={A {SOFT} {W}ay for {O}pen{F}low {S}witch {I}nteroperability {T}esting},
  author={Kuzniar, Maciej and Peresini, Peter and Canini, Marco and Venzano, Daniele and Kostic, Dejan},
  booktitle={{CoNext}},
  year={2012}
}

@inproceedings {dobrescu2014software,
author = {Mihai Dobrescu and Katerina Argyraki},
title = {{Software Dataplane Verification}},
series={{NSDI}},
year = {2014}
}


@inproceedings{Verificare,
title="A Verification Platform for SDN-Enabled Applications",
author="R. Skowyra and A. Lapets and A. Bestavros  and A. Kfoury",
series="HiCoNS",
year={2013}
}

@techreport{tr:MSRSegguru,
    title="DNA Pairing: Using Differential Network Analysis to find Reachability Bugs",
    year={2014},
    institution="Microsoft Research",
    author = "Nuno P. Lopes and Nikolaj Bj{\o}rner and Patrice Godefroid and Karthick Jayaraman and George Varghese",
    note ={research.microsoft.com/pubs/215431/paper.pdf}
    }

@inproceedings{nsdi:CaniniVPKR12,
 title = {{A NICE Way to Test OpenFlow Applications}},
 author="Marco Canini and Daniele Venzano and Peter Peres and Dejan Kostic and Jennifer Rexford",
 series={NSDI},
 year={2012}
}

@inproceedings{conext:uzniarPCVK12,
  author    = {Maciej Kuzniar and
               Peter Peresini and
               Marco Canini and
               Daniele Venzano and
               Dejan Kostic},
  title     = {{A SOFT Way for OpenFlow Switch Interoperability Testing}},
  booktitle = {CoNEXT},
  year      = {2012},
  }

@inproceedings{MaiKACGK11,
  author    = {Haohui Mai and
               Ahmed Khurshid and
               Rachit Agarwal and
               Matthew Caesar and
               Brighten Godfrey and
               Samuel Talmadge King},
  title     = {Debugging the {D}ata {P}lane with {A}nteater},
  series    = {{SIGCOMM}},
  year      = {2011},
}

@inproceedings{KattaRW13,
  author    = {Naga Praveen Katta and
               Jennifer Rexford and
               David Walker},
  title     = {Incremental consistent updates},
  series    = {NSDI},
  year      = {2013},
 }

@inproceedings{VanbeverRBFR13,
  author    = {Laurent Vanbever and
               Joshua Reich and
               Theophilus Benson and
               Nate Foster and
               Jennifer Rexford},
  title     = {{H}ot{S}wap: {C}orrect and {E}fficient {C}ontroller {U}pgrades for {S}oftware-{D}fined
               {N}etworks},
  series    = {HOTSDN},
  year      = {2013},
  }

@book{book:CGD01,
  author    = {Edmund M. Clarke and
               Orna Grumberg and
               Doron Peled},
  title     = {Model checking},
  year      = {2001},
  publisher = {{MIT} Press},
  url       = {http://books.google.de/books?id=Nmc4wEaLXFEC},
  isbn      = {978-0-262-03270-4},
}

@inproceedings{CAV:SosnovichGN13,
  author    = {Adi Sosnovich and
               Orna Grumberg and
               Gabi Nakibly},
  title     = {Finding Security Vulnerabilities in a Network Protocol Using Parameterized
               Systems},
  series   =    {CAV},
  year      = {2013},

}
@inproceedings{FMACAD:SNM13,
    author="Divjyot Sethi and Srinivas Narayana and Sharad Malik",
    title="{A}bstractions for {M}odel {C}hecking {SDN} {C}ontrollers",
    series="FMCAD",
    Year=2013
    }

@inproceedings{TACAS:z3,
  author    = {Leonardo Mendon\c{c}a de Moura and
               Nikolaj Bj{\o}rner},
  title     = {{Z3: An Efficient SMT Solver}},
  series = {TACAS},
  year      = {2008},
}
@article{SLAM,
  author    = {Thomas Ball and
               Vladimir Levin and
               Sriram K. Rajamani},
  title     = {A decade of software model checking with {SLAM}},
  journal   = {Commun. {ACM}},
  year      = {2011},
  volume    = {54},
  number    = {7},
  pages     = {68--76}
}

@article{BLAST,
  author    = {Dirk Beyer and
               Thomas A. Henzinger and
               Ranjit Jhala and
               Rupak Majumdar},
  title     = {The software model checker Blast},
  journal   = {{STTT}},
  year      = {2007},
  volume    = {9},
  number    = {5--6},
  pages     = {505--525}
 }

@inproceedings{KRW12,
title="Logic Programming for Software-Defined Networks",
author="Naga Praveen Katta and Jennifer Rexford and David Walker",
booktitle="ACM SIGPLAN Workshop on Cross-model Language Design and Implementation",
month= sep,
year=2012
}

@inproceedings{PLDI:GuhaRF13,
  author    = {Arjun Guha and
               Mark Reitblatt and
               Nate Foster},
  title     = {Machine-verified network controllers},
  series = {PLDI},
  year      = {2013},
  pages     = {483--494}
 }

@inproceedings{HOTSDN:VanbeverRBFR13,
  author    = {Laurent Vanbever and
               Joshua Reich and
               Theophilus Benson and
               Nate Foster and
               Jennifer Rexford},
  title     = {HotSwap: correct and efficient controller upgrades for software-defined
               networks},
  series = {HotSDN},
  year      = {2013},
  }

@inproceedings{sigcomm:ReitblattNJCD12,
  author    = {Reitblatt, Mark and
               Foster, Nate and
               Rexford, Jennifer and
               Schlesinger, Cole and
               Walker, David},
  title     = {Abstractions for Network Update},
  series     = {SIGCOMM},
  year      = {2012},
}

@article{IEEECOMM:FosterGRSFKMRRSWH13,
  author    = {Nate Foster and
               Arjun Guha and
               Mark Reitblatt and
               Alec Story and
               Michael J. Freedman and
               Naga Praveen Katta and
               Christopher Monsanto and
               Joshua Reich and
               Jennifer Rexford and
               Cole Schlesinger and
               David Walker and
               Rob Harrison},
  title     = {Languages for software-defined networks},
  journal   = {IEEE Communications Magazine},
  volume    = {51},
  number    = {2},
  year      = {2013},
  pages   = {128--134}
  }

@inproceedings{sigcomm:VoellmyWYFH13,
  author    = "Andreas Voellmy and
               Junchang Wang and
               Y. Richard Yang and
               Bryan Ford and
               Paul Hudak",
  title     = "Maple: simplifying SDN programming using algorithmic policies",
  series = {SIGCOMM},
  year      = {2013},
  }


@inproceedings{pldi:GodefroidKS05,
  author    = "Patrice Godefroid and Nils Klarlund and Koushik Sen",
  title     = {{DART}: directed automated random testing},
  series = {PLDI},
  year      = {2005},
  }

@inproceedings{nsdi:KCZCMW13,
 title ={{Real Time Network Policy Checking using Header Space Analysis}},
 author = "P. Kazemian and M. Chang and H. Zeng and G. Varghese and N. McKeown and S. Whyte",
 series = {NSDI},
 year={2013}
 }

@inproceedings{nsdi:KVM12,
 title ={{Header Space Analysis: Static Checking For Networks}},
 author = {P. Kazemian and G. Varghese and N. McKeown},
 series={NSDI},
 year ={2012}
 }

@article{CCR:KhurshidZCG12,
  author    = {Ahmed Khurshid and
               Wenxuan Zhou and
               Matthew Caesar and
               Brighten Godfrey},
  title     = {{Veriflow: verifying network-wide invariants in real time}},
  journal   = {Computer Communication Review},
  volume    = {42},
  number    = {4},
  year      = {2012},
  pages     = {467--472}
  }

@article{TOPLAS:SRW02,
  author    = {Shmuel Sagiv and
               Thomas W. Reps and
               Reinhard Wilhelm},
  title     = {Parametric shape analysis via 3-valued logic},
  journal   = {ACM Trans. Program. Lang. Syst.},
  volume    = {24},
  number    = {3},
  year      = {2002},
  pages     = {217--298}
}

@techreport{arXiv:Gember13,
  author = {Aaron Gember and Anand Krishnamurthy and Saul St. John and Robert
            Grandl and Xiaoyang Gao and Ashok Anand and Theophilus Benson and
            Aditya Akella and Vyas Sekar},
  title = {{Stratos: A Network-Aware Orchestration Layer for Middleboxes in the
           Cloud}},
  year = {2013},
  number = {arXiv:1305.0209},
  howpublished = {\url{http://arxiv.org/abs/1305.0209}}
}

@INPROCEEDINGS{SIGCOMM:QTMSY13,
  author = {Zafar Ayyub Qazi and Cheng-Chun Tu and Rui Miao and Vyas Sekar and
            Minlan Yu},
  title = {{SIMPLE-fying Middlebox Policy Enforcement Using SDN}},
  series = {SIGCOMM},
  year = {2013},
}

@inproceedings{SIGCOMM:Jain13,
 author = {Jain, Sushant and Kumar, Alok and Mandal, Subhasree and Ong, Joon and Poutievski, Leon and Singh, Arjun and Venkata, Subbaiah and Wanderer, Jim and Zhou, Junlan and Zhu, Min and Zolla, Jon and H\"{o}lzle, Urs and Stuart, Stephen and Vahdat, Amin},
 title = {{B4: Experience with a Globally-deployed Software Defined WAN}},
 series = {SIGCOMM},
 year = {2013},
}

@inproceedings{WREN:NRFC09,
 author = {Nayak, Ankur Kumar and Reimers, Alex and Feamster, Nick and Clark, Russ},
 title = {{Resonance: Dynamic Access Control for Enterprise Networks}},
 series = {WREN},
 year = {2009},
}

@INPROCEEDINGS{INFOCOM:XZMZGHR05,
    author={Xie, G.G. and Jibin Zhan and Maltz, D.A. and Hui Zhang and Greenberg, Albert and Hjalmtysson, G. and Rexford, J.},
    series={INFOCOM},
    title={On static reachability analysis of IP networks},
    year={2005},
}

@inproceedings{cav:IBINS13,
  author  = {Shachar Itzhaky and Anindya Banerjee and Neil Immerman and Aleksandar Nanevski and Mooly Sagiv},
  title   = {{Effectively-Propositional Reasoning about Reachability in Linked Data Structures}},
  series = {CAV},
  year   = 2013
}

@inproceedings{FlowLog,
  title="Tierless Programming and Reasoning for Software-Defined Networks",
  author = "Tim Nelson and Andrew D. Ferguson and Michael J. G. Scheer and Shriram Krishnamurthi",
  series={{NSDI}},
  year ={2014}
}

@inproceedings{NLOG,
author="Teemu Koponen and Keith Amidon and Peter Balland and Marti'n Casado and Anupam Chanda and Bryan Fulton and Igor Ganichev and Jesse Gross and
Natasha Gude and Paul Ingram and Ethan Jackson and Andrew Lambeth and Romain Lenglet and Shih-Hao Li and Amar Padmanabhan and Justin Pettit and Ben Pfaff
and Rajiv Ramanathan and Scott Shenker and Alan Shieh and Jeremy Stribling and Pankaj Thakkar and Dan Wendlandt and Alexander Yip and Ronghua Zhang",
title="Network Virtualization in Multi-tenant Datacenters",
series={{NSDI}},
year ={2014}
}

@techreport{fayaz2014buzz,
  title={{BUZZ: Testing Contextual Policies in Stateful Data Planes}},
  author={Syed K. Fayaz and Yoshiaki Tobioka and Sagar Chaki and Vyas Sekar},
  year={2014},
  number={CMU-CyLab-14-013},
  institution={{CMU} {C}y{L}ab}
}

@inproceeding{casado2007ethane,
  title={Ethane: Taking control of the enterprise},
  author={Casado, Martin and Freedman, Michael J and Pettit, Justin and Luo, Jianying and McKeown, Nick and Shenker, Scott},
  journal={SIGCOMM},
  year={2007},
}

@inproceedings{benson2010network,
  title={Network traffic characteristics of data centers in the wild},
  author={Benson, Theophilus and Akella, Aditya and Maltz, David A},
  series={IMC},
  year={2010},
}

@inproceedings{monsanto2012compiler,
  title={A compiler and run-time system for network programming languages},
  author={Monsanto, Christopher and Foster, Nate and Harrison, Rob and Walker, David},
  series={POPL},
  year={2012},
}

@misc{rfc3234,
  author =       "B. Carpenter and S. Brim",
  title =        "{RFC 3234}: {Middleboxes: Taxonomy and Issues}",
  month =        Feb,
  year =         "2002",
  URL =          "https://tools.ietf.org/html/rfc3234"
}


@Article{acta-inf:H72,
  Author  = "C.A.R. Hoare",
  Title   = "Proof of Correctness of Data Representations",
  Journal = acta,
  Volume  = 1,
  Year    = 1972,
  Pages   = "271--281"
}

@article{Janos,
  author    = {Johann A. Makowsky and
               J.{-}C. Gregoire and
               Shmuel Sagiv},
  title     = {The Expressive Power of Side Effects in Prolog},
  journal   = {J. Log. Program.},
  volume    = {12},
  number    = {1{\&}2},
  pages     = {179--188},
  year      = {1992}
 }

 @inproceedings{ifip:Jones83,
  author    = {Cliff B. Jones},
  title     = {Specification and Design of (Parallel) Programs},
  booktitle = {{IFIP} Congress},
  pages     = {321--332},
  year      = {1983}
}

@article{tse:MisraC81,
  author    = {Jayadev Misra and
               K. Mani Chandy},
  title     = {Proofs of Networks of Processes},
  journal   = {{IEEE} Trans. Software Eng.},
  volume    = {7},
  number    = {4},
  pages     = {417--426},
  year      = {1981}
}

@inproceedings{SIGCOMM:Jain13,
 author = {Jain, Sushant and Kumar, Alok and Mandal, Subhasree and Ong, Joon and Poutievski, Leon and Singh, Arjun and Venkata, Subbaiah and Wanderer, Jim and Zhou, Junlan and Zhu, Min and Zolla, Jon and H\"{o}lzle, Urs and Stuart, Stephen and Vahdat, Amin},
 title = {{B4: Experience with a Globally-deployed Software Defined WAN}},
 booktitle = {ACM SIGCOMM},
 year = {2013},
 pages = {3--14},
}

@inproceedings{FlowLog,
  title="A Balance of Power: Expressive, Analyzable Controller Programming",
  author = "Tim Nelson and Andrew D. Ferguson and Michael J. G. Scheer and Shriram Krishnamurthi",
  booktitle={11th USENIX Symposium on Networked Systems Design and Implementation (NSDI '14)},
  year ={2014}
}

@inproceedings{Verificare,
title="A Verification Platform for SDN-Enabled Applications",
author="R. Skowyra and A. Lapets and A. Bestavros  and A. Kfoury",
booktitle="HiCoNS",
year={2013}
}

@inproceedings{FMACAD:SNM13,
    author="Divjyot Sethi and Srinivas Narayana and Sharad Malik",
    title="Abstractions for Model Checking SDN Controllers",
    booktitle="FMCAD",
    Year=2013
    }

@inproceedings{Majumdar:2014,
 author = {Majumdar, Rupak and Tetali, Sai Deep and Wang, Zilong},
 title = {Kuai: A Model Checker for Software-defined Networks},
 booktitle = {Proceedings of the 14th Conference on Formal Methods in Computer-Aided Design},
 series = {FMCAD '14},
 year = {2014},
 isbn = {978-0-9835678-4-4},
 location = {Lausanne, Switzerland},
 pages = {27:163--27:170},
 articleno = {27},
 numpages = {8},
 url = {http://dl.acm.org/citation.cfm?id=2682923.2682953},
 acmid = {2682953},
 publisher = {FMCAD Inc},
 address = {Austin, TX},
}

@inproceedings{popl:DeMilloLP77,
  author    = {Richard A. DeMillo and
               Richard J. Lipton and
               Alan J. Perlis},
  title     = {Social Processes and Proofs of Theorems and Programs},
  series    = {POPL},
  year      = {1977}
 }

@article{corr:PandaLASS14,
  author    = {Aurojit Panda and
               Ori Lahav and
               Katerina J. Argyraki and
               Mooly Sagiv and
               Scott Shenker},
  title     = {Verifying Isolation Properties in the Presence of Middleboxes},
  journal   = {CoRR},
  volume    = {abs/1409.7687},
  year      = {2014},
  url       = {http://arxiv.org/abs/1409.7687},
}

@inproceedings{openflow,
  title={{OpenFlow: Enabling Innovation in Campus Networks}},
  author={McKeown, Nick and Anderson, Tom and Balakrishnan, Hari and Parulkar, Guru and Peterson, Larry and Rexford, Jennifer and Shenker, Scott and Turner, Jonathan},
  series={SIGCOMM CCR},
  year={2008}
}

@inproceedings{anteater,
  author    = {Haohui Mai and
               Ahmed Khurshid and
               Rachit Agarwal and
               Matthew Caesar and
               Brighten Godfrey and
               Samuel Talmadge King},
  title     = {Debugging the {D}ata {P}lane with {A}nteater},
  series    = {{SIGCOMM}},
  year      = {2011},
}

@inproceedings{monsanto2013composing,
  title={Composing Software Defined Networks.},
  author={Monsanto, Christopher and Reich, Joshua and Foster, Nate and Rexford, Jennifer and Walker, David and others},
  series={NSDI},
  year={2013}
}
@article{gude2008nox,
  title={NOX: towards an operating system for networks},
  author={Gude, Natasha and Koponen, Teemu and Pettit, Justin and Pfaff, Ben and Casado, Mart{\'\i}n and McKeown, Nick and Shenker, Scott},
  journal={ACM SIGCOMM Computer Communication Review},
  volume={38},
  number={3},
  pages={105--110},
  year={2008},
}

@article{Halevy,
 author = {Halevy, Alon Y. and Mumick, Inderpal Singh and Sagiv, Yehoshua and Shmueli, Oded},
 title = {Static Analysis in Datalog Extensions},
 journal = {J. ACM},
 issue_date = {September 2001},
 volume = {48},
 number = {5},
 month = sep,
 year = {2001},
 issn = {0004-5411},
 pages = {971--1012},
 numpages = {42},
}

@misc{congress,
title = {{C}ongress},
author = {{O}pen{S}tack},
howpublished={\url{https://wiki.openstack.org/wiki/Congress} retrieved 01/08/2015}
}

@misc{scottI2talk,
title = {{SDN: Looking Back, Moving Forward}},
author = {Scott Shenker},
howpublished={Talk at Interent2 Technology Exchange 2014}
}
